<record><leader>00000cas a2200000 a 4500</leader><controlfield tag="001">24507408</controlfield><controlfield tag="008">911007d18491856miuwr ne      0    0eng d</controlfield><datafield ind1=" " ind2=" " tag="010"><subfield code="a">sn 91066771 </subfield></datafield><datafield ind1=" " ind2=" " tag="040"><subfield code="a">NYS</subfield><subfield code="b">eng</subfield><subfield code="c">NYS</subfield><subfield code="d">MHN</subfield><subfield code="d">OCL</subfield><subfield code="d">OCLCQ</subfield><subfield code="d">OCLCF</subfield><subfield code="d">OCLCO</subfield></datafield><datafield ind1="1" ind2=" " tag="029"><subfield code="a">AU@</subfield><subfield code="b">000020124902</subfield></datafield><datafield ind1=" " ind2=" " tag="042"><subfield code="a">msc</subfield></datafield><datafield ind1=" " ind2=" " tag="043"><subfield code="a">n-us-mi</subfield></datafield><datafield ind1="0" ind2=" " tag="130"><subfield code="a">St. Clair observer (Saint Clair, Mich.)</subfield></datafield><datafield ind1="1" ind2="0" tag="245"><subfield code="a">St. Clair observer.</subfield></datafield><datafield ind1="3" ind2=" " tag="246"><subfield code="a">Saint Clair observer</subfield></datafield><datafield ind1="1" ind2="3" tag="246"><subfield code="a">St. Clair County observer</subfield></datafield><datafield ind1="3" ind2=" " tag="246"><subfield code="a">Saint Clair County observer</subfield></datafield><datafield ind1=" " ind2=" " tag="260"><subfield code="a">St. Clair, Mich. :</subfield><subfield code="b">J. Hart Hawes</subfield></datafield><datafield ind1=" " ind2=" " tag="300"><subfield code="a">v.</subfield></datafield><datafield ind1=" " ind2=" " tag="310"><subfield code="a">Weekly</subfield></datafield><datafield ind1="1" ind2=" " tag="362"><subfield code="a">Began in Aug. 1849? Ceased in 1856?</subfield></datafield><datafield ind1=" " ind2=" " tag="588"><subfield code="a">Description based on: Vol. 11, no. 27 (Aug. 15, 1850).</subfield></datafield><datafield ind1=" " ind2="0" tag="651"><subfield code="a">Saint Clair (Mich.)</subfield><subfield code="v">Newspapers.</subfield></datafield><datafield ind1=" " ind2="0" tag="651"><subfield code="a">Saint Clair County (Mich.)</subfield><subfield code="v">Newspapers.</subfield></datafield><datafield ind1=" " ind2="7" tag="655"><subfield code="a">Newspapers.</subfield><subfield code="2">fast</subfield><subfield code="0">(OCoLC)fst01423814</subfield></datafield><datafield ind1=" " ind2="7" tag="651"><subfield code="a">Michigan</subfield><subfield code="z">Saint Clair.</subfield><subfield code="2">fast</subfield><subfield code="0">(OCoLC)fst01219459</subfield></datafield><datafield ind1=" " ind2="7" tag="651"><subfield code="a">Michigan</subfield><subfield code="z">Saint Clair County.</subfield><subfield code="2">fast</subfield><subfield code="0">(OCoLC)fst01218750</subfield></datafield><datafield ind1=" " ind2=" " tag="752"><subfield code="a">United States</subfield><subfield code="b">Michigan</subfield><subfield code="c">Saint Clair</subfield><subfield code="d">Saint Clair.</subfield></datafield><datafield ind1="0" ind2="0" tag="780"><subfield code="t">Port Huron observer</subfield><subfield code="w">(DLC)sn 91066768</subfield><subfield code="w">(OCoLC)24507323</subfield></datafield></record>